@book{Dittmaier:1318996,
      author        = "Dittmaier, S and Mariotti, C and Passarino, G and Tanaka,
                       R and Baglio, J and Bolzoni, P and Boughezal, R and Brein,
                       O and Collins-Tooth, C and Dawson, S and Dean, S and
                       Denner, A and Farrington, S and Felcini, M and Flechl, M
                       and de Florian, D and Forte, S and Grazzini, M and
                       Hackstein, C and Hahn, T and Harlander, R and Hartonen, T
                       and Heinemeyer, S and Huston, J and Kalinowski, A and
                       Krämer, M and Krauss, F and Lee, J S and Lehti, S and
                       Maltoni, F and Mazumdar, K and Moch, S -O and Mück, A and
                       Mühlleitner, M and Nason, P and Neu, C and Oleari, C and
                       Olsen, J and Palmer, S and Petriello, F and Piacquadio, G
                       and Pilaftsis, A and Potter, C T and Puljak, I and Qian, J
                       and Rebuzzi, D and Reina, L and Rzehak, H and Schumacher, M
                       and Slavich, P and Spira, M and Stöckli, F and Thorne, R S
                       and Acosta, M Vazquez and Vickey, T and Vicini, A and
                       Wackeroth, D and Warsinsky, M and Weber, M and Weiglein, G
                       and Weydert, C and Yu, J and Zaro, M and Zirke, T",
      title         = "{Handbook of LHC Higgs Cross Sections: 1. Inclusive
                       Observables}",
      publisher     = "CERN",
      collaboration = "LHC Higgs Cross Section Working Group",
      address       = "Geneva",
      series        = "CERN Yellow Reports: Monographs",
      year          = "2011",
      reportNumber  = "arXiv:1101.0593",
      url           = "https://cds.cern.ch/record/1318996",
      note          = "Comments: 153 pages, 43 figures, to be submitted to CERN
                       Report. Working Group web page:
                       https://twiki.cern.ch/twiki/bin/view/LHCPhysics/CrossSections",
}